@online{c,
	title = {ISO/IEC 9899:TC3 C standard},
	urldate = {2023-10-29},
	url = {https://www.open-std.org/jtc1/sc22/wg14/www/docs/n1256.pdf}
}

@online{cpp,
	title = {Standard C++},
	urldate = {2023-10-29},
	url = {https://isocpp.org/}
}

@online{golang,
	title = {The Go Programming Language documentation},
	urldate = {2023-10-29},
	url = {https://go.dev/}
}

@online{golang_runtime,
	title = {runtime package (Golang)},
	urldate = {2023-11-04},
	url = {https://pkg.go.dev/runtime}
}

@online{golang_scheduler,
	title = {Golang source file src/runtime/proc.go},
	urldate = {2023-11-04},
	url = {https://go.dev/src/runtime/proc.go}
}

@online{tcmalloc,
	title = {TCMalloc : Thread-Caching Malloc},
	urldate = {2023-11-04},
	url = {https://goog-perftools.sourceforge.net/doc/tcmalloc.html}
}

@online{golang_malloc,
	title = {Golang source file src/runtime/malloc.go},
	urldate = {2023-11-04},
	url = {https://go.dev/src/runtime/malloc.go}
}

@online{golang_gc,
	title = {Golang source file src/runtime/mgc.go},
	urldate = {2023-11-05},
	url = {https://go.dev/src/runtime/mgc.go}
}

@online{golang_gc_guide,
	title = {A Guide to the Go Garbage Collector},
	urldate = {2023-11-05},
	url = {https://go.dev/doc/gc-guide}
}

@online{golang_1_19,
	title = {Go 1.19 Release Notes},
	urldate = {2023-11-05},
	url = {https://tip.golang.org/doc/go1.19}
}

@online{golang_proposal_limit,
	title = {Proposal: Soft memory limit},
	urldate = {2023-11-05},
	url = {https://github.com/golang/proposal/blob/master/design/48409-soft-memory-limit.md}
}

@online{golang_barrier,
	title = {Golang source file src/runtime/mbarrier.go},
	urldate = {2023-11-04},
	url = {https://go.dev/src/runtime/mbarrier.go}
}

@online{golang_fixalloc,
	title = {Golang source file src/runtime/mfixalloc.go},
	urldate = {2023-11-04},
	url = {https://go.dev/src/runtime/mfixalloc.go}
}

@online{golang_size_classes,
	title = {Golang source file src/runtime/sizeclasses.go},
	urldate = {2023-11-04},
	url = {https://go.dev/src/runtime/sizeclasses.go}
}

@online{golang_mheap,
	title = {Golang source file src/runtime/mheap.go},
	urldate = {2023-11-04},
	url = {https://go.dev/src/runtime/mheap.go}
}

@online{golang_goroutine,
	title = {A Tour of Go. Goroutines},
	urldate = {2023-11-04},
	url = {https://go.dev/tour/concurrency/1}
}

@online{golang_arena_proposal,
	title = {Proposal: arena: new package providing memory arenas},
	urldate = {2023-11-04},
	url = {https://github.com/golang/go/issues/51317}
}

@online{golang_arena_cource,
	title = {Golang source file src/arena/arena.go},
	urldate = {2023-11-04},
	url = {https://go.dev/src/arena/arena.go}
}

@online{python,
	title = {Python Programming Language documentation},
	urldate = {2023-11-10},
	url = {https://www.python.org/}
}

@online{python_memory,
	title = {Memory Management --- Python 3.12.0 documentation},
	urldate = {2023-11-10},
	url = {https://docs.python.org/3/c-api/memory.html}
}

@online{python_gc,
	title = {Garbage collector design},
	urldate = {2023-11-10},
	url = {https://devguide.python.org/internals/garbage-collector/}
}

@online{juthon,
	title = {Juthon documentation},
	urldate = {2023-11-10},
	url = {https://www.jython.org/}
}

@online{ironpython,
	title = {IronPython: the Python programming language for .NET},
	urldate = {2023-11-10},
	url = {https://ironpython.net/}
}

@online{pypy,
	title = {PyPy documentation},
	urldate = {2023-11-10},
	url = {https://www.python.org/}
}

@online{python_extensions,
	title = {Extending Python with C or C++ },
	urldate = {2023-11-10},
	url = {https://www.python.org/}
}

@online{gil,
	title = {GIL definition},
	urldate = {2023-11-10},
	url = {https://docs.python.org/3/glossary.html#term-GIL}
}

@online{cpython,
	title = {CPython definition},
	urldate = {2023-11-10},
	url = {https://docs.python.org/3/glossary.html#term-CPython}
}

@online{python_threaded_gc,
	title = {PEP 556 --- Threaded garbage collection},
	urldate = {2023-11-26},
	url = {https://peps.python.org/pep-0556/}
}

@online{js,
	title = {JavaScript documentation},
	urldate = {2023-11-12},
	url = {https://developer.mozilla.org/en-US/docs/Web/JavaScript}
}

@online{node_js,
	title = {Node.js documentation},
	urldate = {2023-11-12},
	url = {https://nodejs.org}
}

@online{couchdb,
	title = {Apache CouchDB documentation},
	urldate = {2023-11-12},
	url = {https://couchdb.apache.org/}
}

@online{js_event_loop,
	title = {The event loop},
	urldate = {2023-11-12},
	url = {https://developer.mozilla.org/en-US/docs/Web/JavaScript/Event_loop}
}

@online{ecmascript,
	title = {ECMAScript 2023 language specification},
	urldate = {2023-11-12},
	url = {https://ecma-international.org/publications-and-standards/standards/ecma-262/}
}

@online{js_memory,
	title = {JavaScript memory management},
	urldate = {2023-11-12},
	url = {https://developer.mozilla.org/en-US/docs/Web/JavaScript}
}

@online{js_web_workers,
	title = {Using Web Workers},
	urldate = {2023-11-12},
	url = {https://developer.mozilla.org/en-US/docs/Web/API/Web_Workers_API/Using_web_workers}
}

@article{js_ephemerons,
	title={Eliminating Cycles in Weak Tables},
	author={Alexandra Barros and Roberto Ierusalimschy},
	journal={Journal of Universal Computer Science},
	year={2008},
	volume={14},
	number={21}
}

@online{elixir,
	title = {The Elixir programming language documentation},
	urldate = {2023-10-29},
	url = {https://elixir-lang.org/}
}

@book{tannenbaum,
	title={Современные операционные системы},
	author={Таненбаум, Э. and Бос, Х.},
	year={2015},
	edition={4},
	publisher={Питер}
}

@book{windows,
	title={Внутреннее устройство Windows},
	author={Руссинович, М. and Соломон, Д. and Ионеску, А. and Йосифович, П.},
	year={2018},
	edition={7},
	publisher={Питер}
}

@book{linux,
	title={Understanding the Linux kernel},
	author={Daniel P. Bovet and Marco Cesati},
	year={2005},
	edition={3},
	publisher={O’Reilly}
}

@book{handbook,
	title={THE GARBAGE COLLECTION HANDBOOK. The Art of Automatic Memory Management},
	author={Jones, R. and Hosking, A. and Moss, E.},
	year={2012},
	publisher={CRC Press},
	isbn={978-1-4200-8279-1}
}

@online{cornell,
	author = {Richardson, O.},
	title = {Reconsidering Custom Memory Allocation},
	urldate = {2023-10-12},
	url = {https://www.cs.cornell.edu/courses/cs6120/2019fa/blog/custom-alloc/}
}

@online{cornell2,
	author = {Sinha, O. and Maitland, O.},
	title = {A Unified Theory of Garbage Collection},
	urldate = {2023-10-12},
	url = {https://www.cs.cornell.edu/courses/cs6120/2019fa/blog/custom-alloc/}
}

@online{cornell3,
	title = {Copying Garbage Collection},
	urldate = {2023-10-21},
	url = {https://www.cs.cornell.edu/courses/cs312/2003fa/lectures/sec24.htm}
}

@article{urc,
	title={Ulterior Reference Counting: Fast Garbage Collection without a Long Wait},
	author={Blackburn, Stephen M. and McKinley, Kathryn S.},
	journal={Proceedings of the 2003 ACM SIGPLAN Conference on Object-Oriented Programming Systems, Languages and Applications, OOPSLA 2003},
	year={2003},
	doi={10.1145/949305.949336}
}

@online{glossary,
	title = {Memory Management Glossary},
	urldate = {2023-10-12},
	url = {https://www.memorymanagement.org/glossary/}
}

@online{mm_overview,
	title = {Memory Management Overview},
	urldate = {2023-10-15},
	url = {https://www.memorymanagement.org/mmref/begin.html}
}

@online{recycling,
	title = {Recycling techniques},
	urldate = {2023-10-15},
	url = {https://www.memorymanagement.org/mmref/recycle.html}
}

@online{allocator,
	title = {Allocation techniques},
	urldate = {2023-10-12},
	url = {https://www.memorymanagement.org/mmref/alloc.html#mmref-alloc}
}

@online{dotnet_clr,
	title = {Common Language Runtime (CLR) overview},
	urldate = {2023-10-12},
	url = {https://learn.microsoft.com/en-us/dotnet/standard/clr}
}

@article{memory_model,
	title={A theory of memory models},
	author={Saraswat, Vijay and Jagadeesan, Radha and Maged, Michael and von Praun, Christoph},
	journal={Proceedings of the 12th ACM SIGPLAN Symposium on Principles and Practice of Parallel Programming},
	year={2007},
	doi={10.1145/1229428.1229469}
}

@online{dotnet_tour,
	title = {A tour of the C\# language},
	urldate = {2023-11-17},
	url = {https://learn.microsoft.com/en-us/dotnet/csharp/tour-of-csharp/}
}

@online{dotnet,
	title = {NET | Build. Test. Deploy},
	urldate = {2023-11-17},
	url = {https://dotnet.microsoft.com/en-us/}
}

@online{dotnet_intro,
	title = {What is .NET? Introduction and overview},
	urldate = {2023-11-17},
	url = {https://learn.microsoft.com/en-us/dotnet/core/introduction}
}

@online{dotnet_unsafe,
	title = {Unsafe code, pointer types, and function pointers},
	urldate = {2023-11-17},
	url = {https://learn.microsoft.com/en-us/dotnet/csharp/language-reference/unsafe-code}
}

@online{dotnet_clr_intro,
	title = {Introduction to the Common Language Runtime (CLR)},
	urldate = {2023-11-17},
	url = {https://github.com/dotnet/runtime/blob/main/docs/design/coreclr/botr/intro-to-clr.md}
}

@online{dotnet_gc,
	title = {Fundamentals of garbage collection},
	urldate = {2023-11-17},
	url = {https://learn.microsoft.com/en-us/dotnet/standard/garbage-collection/fundamentals}
}

@online{dotnet_memory,
	title = {Automatic Memory Management},
	urldate = {2023-11-17},
	url = {https://learn.microsoft.com/en-us/dotnet/standard/automatic-memory-management}
}

@online{dotnet_loh,
	title = {The large object heap on Windows systems},
	urldate = {2023-11-17},
	url = {https://learn.microsoft.com/en-us/dotnet/standard/garbage-collection/large-object-heap}
}

@online{dotnet_gc_types,
	title = {Workstation and server garbage collection},
	urldate = {2023-11-17},
	url = {https://learn.microsoft.com/en-us/dotnet/standard/garbage-collection/workstation-server-gc}
}

@online{dotnet_gc_notifications,
	title = {Garbage Collection Notifications},
	urldate = {2023-11-17},
	url = {https://learn.microsoft.com/en-us/dotnet/standard/garbage-collection/notifications}
}

@online{dotnet_code,
	title = {What is <<managed code>>?},
	urldate = {2023-11-17},
	url = {https://learn.microsoft.com/en-us/dotnet/standard/managed-code}
}

@online{java_gc_basics,
	title = {Java Garbage Collection Basics},
	urldate = {2023-11-16},
	url = {https://www.oracle.com/webfolder/technetwork/tutorials/obe/java/gc01/index.html}
}

@online{java_21_spec,
	title = {The Java Virtual Machine Specification. Java SE 21 Edition. Chapter 1. Introduction},
	urldate = {2023-11-16},
	url = {https://docs.oracle.com/javase/specs/jvms/se21/html/jvms-1.html}
}

@online{java_jvm_languages,
	author = {Urma, R.-G.},
	title = {Alternative Languages for the JVM},
	urldate = {2023-11-16},
	url = {https://www.oracle.com/technical-resources/articles/java/architect-languages.html}
}

@online{java_hotspot,
	title = {The HotSpot Group},
	urldate = {2023-11-16},
	url = {https://openjdk.org/groups/hotspot/}
}

@online{java_j9,
	title = {Open J9 documentation},
	urldate = {2023-11-16},
	url = {https://eclipse.dev/openj9/}
}

@online{java_codename_one,
	title = {Codename One: Cross-Platform App Development with Java},
	urldate = {2023-11-16},
	url = {https://www.codenameone.com/}
}

@online{java_graalvm,
	title = {GraalVM documentation},
	urldate = {2023-11-16},
	url = {https://www.graalvm.org/}
}

@online{java_storage_management,
	title = {HotSpot VM Storage Management},
	urldate = {2023-11-16},
	url = {https://openjdk.org/groups/hotspot/docs/StorageManagement.html}
}

@online{java_memory,
	title = {Memory Management in the Java HotSpot Virtual Machine},
	urldate = {2023-11-16},
	url = {https://www.oracle.com/technetwork/java/javase/memorymanagement-whitepaper-150215.pdf}
}

@online{java_presentation,
	title = {Troubleshooting Memory Issues in Java
	Applications},
	urldate = {2023-11-16},
	url = {https://www.oracle.com/webfolder/technetwork/tutorials/mooc/JVM_Troubleshooting/week1/lesson1.pdf}
}

@online{java_21_available_collectors,
	title = {Java SE 21. HotSpot Virtual Machine Garbage Collection Tuning Guide. Available Collectors},
	urldate = {2023-11-16},
	url = {https://docs.oracle.com/en/java/javase/21/gctuning/available-collectors.html}
}

@online{java_11_available_collectors,
	title = {Java SE 11. HotSpot Virtual Machine Garbage Collection Tuning Guide. Available Collectors},
	urldate = {2023-11-16},
	url = {https://docs.oracle.com/en/java/javase/11/gctuning/available-collectors.html}
}

@online{java_jrockit_memory,
	title = {Oracle JRockit Online Documentation Library Release 4.0. Understanding Memory Management},
	urldate = {2023-11-16},
	url = {https://docs.oracle.com/cd/E15289_01/JRSDK/garbage_collect.htm}
}

@online{java_g1,
	title = {The Garbage First Garbage Collector},
	urldate = {2023-11-16},
	url = {https://www.oracle.com/java/technologies/javase/hotspot-garbage-collection.html}
}

@online{java_zgc,
	title = {The Z Garbage Collector (ZGC)},
	urldate = {2023-11-16},
	url = {https://wiki.openjdk.org/display/zgc/Main}
}
